<?xml version="1.0" encoding="UTF-8"?>
<record xmlns="http://www.loc.gov/MARC21/slim">
  <leader>00722cam a22002170  4500</leader>
  <controlfield tag="001">findingofwinelan00reev</controlfield>
  <controlfield tag="003">CaSfIA</controlfield>
  <controlfield tag="005">20241005030151.0</controlfield>
  <controlfield tag="006">m     o  d</controlfield>
  <controlfield tag="007">cr||||||||||||</controlfield>
  <controlfield tag="008">720830s1890    enk     o           eng |</controlfield>
  <datafield tag="035" ind1=" " ind2=" ">
    <subfield code="a">(OCoLC)1045377234</subfield>
  </datafield>
  <datafield tag="040" ind1=" " ind2=" ">
    <subfield code="a">OTU</subfield>
    <subfield code="b">ENG</subfield>
    <subfield code="d">CaSfIA</subfield>
  </datafield>
  <datafield tag="041" ind1="1" ind2=" ">
    <subfield code="a">engice</subfield>
  </datafield>
  <datafield tag="100" ind1="1" ind2="0">
    <subfield code="a">Reeves, Arthur Middleton,</subfield>
    <subfield code="d">1856-1891.</subfield>
  </datafield>
  <datafield tag="245" ind1="1" ind2="4">
    <subfield code="a">The finding of Wineland the Good :</subfield>
    <subfield code="b">the history of the Icelandic discovery of America, edited and translated from the earliest records.</subfield>
  </datafield>
  <datafield tag="260" ind1="0" ind2=" ">
    <subfield code="a">London :</subfield>
    <subfield code="b">Frowde,</subfield>
    <subfield code="c">1890</subfield>
  </datafield>
  <datafield tag="300" ind1=" " ind2=" ">
    <subfield code="a">1 online resource (vi, 205 pages :</subfield>
    <subfield code="b">facs.)</subfield>
  </datafield>
  <datafield tag="596" ind1=" " ind2=" ">
    <subfield code="a">26</subfield>
  </datafield>
  <datafield tag="651" ind1=" " ind2="0">
    <subfield code="a">America</subfield>
    <subfield code="x">Discovery and exploration</subfield>
    <subfield code="x">Norse</subfield>
  </datafield>
  <datafield tag="856" ind1="4" ind2="0">
    <subfield code="u">https://archive.org/details/findingofwinelan00reev</subfield>
    <subfield code="z">Free eBook from the Internet Archive</subfield>
  </datafield>
  <datafield tag="856" ind1="4" ind2="0">
    <subfield code="u">https://openlibrary.org/books/OL24197049M</subfield>
    <subfield code="z">Additional information and access via Open Library</subfield>
  </datafield>
  <datafield tag="955" ind1=" " ind2=" ">
    <subfield code="q">findingofwinelan00reev</subfield>
    <subfield code="b">ark:/13960/t2m625x8s</subfield>
  </datafield>
</record>
